Automatically generated by Mendeley Desktop 1.19.4
Any changes to this file will be lost if it is regenerated by Mendeley.

BibTeX export options can be customized via Options -> BibTeX in Mendeley Desktop

@misc{git:github,
title = {{GitHub}},
url = {https://github.com/},
urldate = {2019-05-07},
year = {2019}
}
@misc{Goyvaerts2017,
author = {Goyvaerts, Jan},
keywords = {Regex},
mendeley-tags = {Regex},
title = {{Regular Expression Tutorial - Learn How to Use Regular Expressions}},
url = {https://www.regular-expressions.info/tutorial.html},
urldate = {2019-05-05},
year = {2017}
}
@misc{wiki:git_nl,
   author = "Wikipedia-bijdragers",
   title = "Git (software) --- Wikipedia{,} de vrije encyclopedie",
   year = "2019",
   url = "\url{https://nl.wikipedia.org/w/index.php?title=Git_(software)&oldid=52967517}",
   note = "[Online; accessed 10-januari-2019]"
 }

@misc{git:hello_world,
title = {{Hello World {\textperiodcentered} GitHub Guides}},
url = {https://guides.github.com/activities/hello-world/},
urldate = {2019-05-06},
year = {2016}
}

@misc{git:init,
month = {apr},
publisher = {Github},
title = {{Initial revision of "git", the information manager from hell}},
url = {https://github.com/git/git/commit/e83c5163316f89bfbde7d9ab23ca2e25604af290},
urldate = {2019-05-01},
year = {2005}
}

@misc{wiki:regex,
author = "{Wikipedia contributors}",
    title = "Regular expression --- {Wikipedia}{,} The Free Encyclopedia",
    year = "2019",
    howpublished = "\url{https://en.wikipedia.org/w/index.php?title=Regular_expression&oldid=895954942}",
    note = "[Online; accessed 7-May-2019]"
  }

@misc{ wiki:dtl,
    author = "{Wikipedia contributors}",
    title = "Decision tree learning --- {Wikipedia}{,} The Free Encyclopedia",
    year = "2019",
    howpublished = "\url{https://en.wikipedia.org/w/index.php?title=Decision_tree_learning&oldid=895944732}",
    note = "[Online; accessed 7-May-2019]"
  }